<?xml version="1.0" encoding="UTF-8"?><collection xmlns="http://www.loc.gov/MARC21/slim"><record><leader>00445nam--2200133-i-4500</leader><controlfield tag="001">000040787</controlfield><controlfield tag="002">20161230</controlfield><controlfield tag="005">20161230201042</controlfield><controlfield tag="008">060222s1000------------r-----000-0-eng-d</controlfield><datafield ind1=" " ind2=" " tag="100"><subfield code="a">Schutte,H.R</subfield></datafield><datafield ind1=" " ind2=" " tag="245"><subfield code="a">Radioaktive isotope in der organischen chemie und biiochemie. mit einem geleitwort von prof.dr.k.mothes</subfield></datafield><datafield ind1=" " ind2=" " tag="260"><subfield code="a">Berlin, Veb Deutscher Verlag Der Wissenschaften, 1966. Xi + 689 P</subfield></datafield><datafield ind1=" " ind2=" " tag="490"><subfield code="a">(Organisch-praparative Meth</subfield></datafield><datafield ind1=" " ind2=" " tag="852"><subfield code="a">24756</subfield></datafield></record></collection>